<?xml version="1.0" encoding="UTF-8"?><collection xmlns="http://www.loc.gov/MARC21/slim"><record><leader>00355nam--2200121-i-4500</leader><controlfield tag="001">000032301</controlfield><controlfield tag="002">20161230</controlfield><controlfield tag="005">20161230201039</controlfield><controlfield tag="008">060222s1000------------r-----000-0-eng-d</controlfield><datafield ind1=" " ind2=" " tag="080"><subfield code="a">658.37</subfield></datafield><datafield ind1=" " ind2=" " tag="245"><subfield code="a">Micromonografii profesionale. nr.22:meserii din industria poligrafica</subfield></datafield><datafield ind1=" " ind2=" " tag="260"><subfield code="a">Bucuresti, Centrul De Documentare Si Publicatii, 1973. 39p</subfield></datafield><datafield ind1=" " ind2=" " tag="852"><subfield code="a">39904</subfield></datafield></record></collection>